@Book{REST,
    author = {Р.Т. Филдинг},
    title = {Representational State Transfer},
    year = 2000,
    url = {http://www.ics.uci.edu/~fielding/pubs/dissertation/rest_arch_style.htm},
}

@Book{GettingStartedWithNoSQL,
    author = {V. Gaurav},
    title = {Getting Started with NoSQL},
    year = 2013
}

@Book{PQDocs,
    title = {Документация пакета database/sql},
    url= {https://golang.org/pkg/database/sql}
}

@Book{Access-Control-Allow-Origin,
    title = {Документация для заголовка Access-Control-Allow-Origin},
    url = {https://developer.mozilla.org/en-US/docs/Web/HTTP/Headers/Access-Control-Allow-Origin}
}